<?xml version="1.0" encoding="UTF-8"?><collection><record><leader>07992ntm a2200685 a 4500</leader><controlfield tag="001">006813893</controlfield><controlfield tag="003">MiAaHDL</controlfield><controlfield tag="005">20190719000000.0</controlfield><controlfield tag="006">m        d        </controlfield><controlfield tag="007">cr bn ---auaua</controlfield><controlfield tag="008">090608s1651    xx            00| ||per d</controlfield><datafield tag="035" ind1=" " ind2=" "><subfield code="a">(MiU)006813893</subfield></datafield><datafield tag="035" ind1=" " ind2=" "><subfield code="a">sdr-miu006813893</subfield></datafield><datafield tag="040" ind1=" " ind2=" "><subfield code="a">MiU</subfield><subfield code="c">MiU</subfield><subfield code="e">amremm</subfield></datafield><datafield tag="041" ind1="1" ind2=" "><subfield code="a">per</subfield><subfield code="h">ara</subfield></datafield><datafield tag="043" ind1=" " ind2=" "><subfield code="a">n-us-mi</subfield></datafield><datafield tag="100" ind1="1" ind2=" "><subfield code="6">880-01</subfield><subfield code="a">Jamāl Qarshī, Muḥammad ibn ʻUmar,</subfield><subfield code="d">active 13th century.</subfield></datafield><datafield tag="240" ind1="1" ind2="0"><subfield code="6">880-02</subfield><subfield code="a">Ṣurāḥ al-lughah</subfield></datafield><datafield tag="245" ind1="1" ind2="0"><subfield code="6">880-03</subfield><subfield code="a">Kitāb Ṣurāḥ al-lughah,</subfield><subfield code="f">[1062, i.e. 1651].</subfield></datafield><datafield tag="246" ind1="3" ind2=" "><subfield code="6">880-04</subfield><subfield code="a">صراح من الصحاح</subfield></datafield><datafield tag="246" ind1="3" ind2=" "><subfield code="i">Title from inscriptions on 'title page' (p.11):</subfield><subfield code="a">صراح اللغة</subfield></datafield><datafield tag="246" ind1="3" ind2="4"><subfield code="a">صراح اللغة</subfield></datafield><datafield tag="246" ind1="3" ind2="8"><subfield code="a">صراح اللغة</subfield></datafield><datafield tag="260" ind1=" " ind2=" "><subfield code="c">[1651].</subfield></datafield><datafield tag="300" ind1=" " ind2=" "><subfield code="a">340 leaves :</subfield><subfield code="b">paper ;</subfield><subfield code="c">318 x 200 (215 x 107) mm.</subfield></datafield><datafield tag="500" ind1=" " ind2=" "><subfield code="a">Shelfmark: Ann Arbor, University of Michigan, Special Collections Library, Isl. Ms. 681</subfield></datafield><datafield tag="500" ind1=" " ind2=" "><subfield code="a">Origin: As appears in colophon on p.693, copied by Muḥammad Ḥusayn ibn Sayyid Muḥammad Shāh al-Ḥusaynī al-Marʻashī Shūshtarī with transcription completed 18 Muḥarram 1062 [ca. 31 December 1651]. As appears in following authorial colophon (also on p.693), composition completed 16 Ṣafar 681 [ca. 26 May 1282] in Kāshghar.</subfield></datafield><datafield tag="500" ind1=" " ind2=" "><subfield code="a">Accompanying materials: a. Inventory cataloguing slip in hand of Winifred Smeaton Thomas -- b. Acquisitions slip from Yahuda -- c. Slip of blue laid paper ("KFNT 1863" watermark visible) with excerpts in Persian (paginated pp.108-110) -- d. Slip of light blue wove paper with listing of book titles (paginated pp.145-146) -- e. Slip of untinted wove paper with notes (paginated pp.329-330).</subfield></datafield><datafield tag="500" ind1=" " ind2=" "><subfield code="a">Former shelfmark: From upper doublure and spine label, "IL 236" (likely supplied by Yahuda, see acquisitions slip).</subfield></datafield><datafield tag="500" ind1=" " ind2=" "><subfield code="a">Binding: Pasteboards covered in red leather ; Type III binding (without flap) ; doublures in brown leather ; upper and lower covers carry blind-stamped scalloped mandorla (filled with symmetrical vegetal decoration, compare Déroche class. OSd) and pendants, along with tooled rule border ; sewn in cream thread, two stations, many threads broken ; manuscript 'waste' guards on many bifolia ; worked chevron endbands in light green and cream, fairly good condition ; overall in somewhat poor condition with some abrasion, staining, lower board severely compromised (failure of the adhesive, full delamination and losses of pasteboard material) and now quite soft, cover detached at spine with most gatherings loose, etc. ; housed in box for protection.</subfield></datafield><datafield tag="500" ind1=" " ind2=" "><subfield code="a">Support: non-European (likely Persian or Indian) laid paper, possibly of more than one type ; mainly with 6-7 laid lines per cm. (vertical, curving) and chain lines faintly visible, possibly in occasional groups (horizontal) ; opposite orientation of laid and chain lines in many central bifolia (i.e. the central bifolium of many gatherings) ; beige in color, quite transluscent, sturdy, well-burnished (burnisher's marks visible), cloudy formation, inclusions ; some staining and tide lines ; flyleaves and some repairs in European laid (with three crescents watermark) and wove paper ; some repairs and fills in non-European (likely Persian or Indian laid paper).</subfield></datafield><datafield tag="500" ind1=" " ind2=" "><subfield code="a">Decoration: Keywords, section headings, notabilia (side-heads), and some abbreviation symbols rubricated ; textual dividers in the form of red discs.</subfield></datafield><datafield tag="500" ind1=" " ind2=" "><subfield code="a">Script: Naskh ; small, neat and compact Persianate hand ; partially but irregularly seriffed with quite small left-sloping head-serif on most ascenders (even free standing alif) and occasionally on shaqq of kāf, fairly vertical with only slight effect of tilt to the left, rounded with curvilinear descenders, pointing in distinct dots.</subfield></datafield><datafield tag="500" ind1=" " ind2=" "><subfield code="a">Layout: Written in 25 lines per page ; frame-ruled (impression of ruling board evident).</subfield></datafield><datafield tag="500" ind1=" " ind2=" "><subfield code="a">Collation: iv, 42 IV(336), II (340), iv ; almost exclusively quaternions ; middle of the quire marks in the form of ٢ in opposite outer corners ; catchwords present ; pagination in pencil, Western numerals, supplied during digitization (includes flyleaves and inserts).</subfield></datafield><datafield tag="500" ind1=" " ind2=" "><subfield code="a">Colophon: "Scribal," triangular, reads "تمت الكتاب بعون الملك الوهاب على يد عبد الفقير الحقير اضعف عباد الله الراجي الى رحمة الله محمد حسين بن سيد محمد شاه الحسيني المرعشي شوشتري غفر الله له ولوالديه ولمن قرأ ونظر في يوم الاثنين ثامن عشر شهر محرم الحرام سنه اثنى وستين والف من الهجرة النبوية صلى الله عليه واله وسلم تم تم تم" ; "Authorial," reads "وكان الفراغ من تصنيفه وتأليفه ... توفيق الله وحسن تأيده وظهر الثلثاء السادس عشر من صفر سنه احدى وثمانين وستمائة بكاشغر"</subfield></datafield><datafield tag="500" ind1=" " ind2=" "><subfield code="a">Explicit: "قال ذو الرمة الا يا اسلمي يا ذا رمي على البلي ولا زال منهلا بجر [؟] عائك القطر"</subfield></datafield><datafield tag="500" ind1=" " ind2=" "><subfield code="a">Incipit: "قال الفقير الى مولاه الغني ... ابو الفضل محمد بن عمر بن خالد المدعو بجمال القرشي ... احمد الله وهو المحمود بكل اللغات وجلها واشكره وهو المشكور على كثر الهبات وقلها ... وبعد فان صحاح اللغة دواء الغلة [؟] لسقام الجهل وشقاء العلة لذوي النهل ..."</subfield></datafield><datafield tag="500" ind1=" " ind2=" "><subfield code="a">Title from inscription on 'title page' (p.11).</subfield></datafield><datafield tag="500" ind1=" " ind2=" "><subfield code="a">Ms. codex.</subfield></datafield><datafield tag="510" ind1="4" ind2=" "><subfield code="a">Ḥājjī Khalīfah. Kashf al-ẓunūn,</subfield><subfield code="c">iv 91 ; iv 101-2</subfield></datafield><datafield tag="510" ind1="4" ind2=" "><subfield code="a">Brockelmann, C. GAL,</subfield><subfield code="c">I 128 ; I 296</subfield></datafield><datafield tag="520" ind1="8" ind2=" "><subfield code="a">Fine copy of the abridgement and rendering into Persian by Abū al-Faz̤l Muḥammad ibn ʻUmar ibn Khālid Jamāl al-Qarshī of the renowned Arabic lexicon, Tāj al-lughah wa-ṣiḥāḥ al-ʻArabīyah, commonly known as al-Ṣiḥāḥ, by Abū Naṣr Ismāʻīl ibn Ḥammād al-Jawharī (d.1009?).</subfield></datafield><datafield tag="538" ind1=" " ind2=" "><subfield code="a">Mode of access: Internet.</subfield></datafield><datafield tag="541" ind1=" " ind2=" "><subfield code="a">Acquired in 1926 from the bookseller Isaac Benjamin S.E. Yahuda via purchase transacted on his behalf by Abraham Shalom Yahuda (1877-1951), his younger brother.</subfield></datafield><datafield tag="546" ind1=" " ind2=" "><subfield code="a">Arabic and Persian.</subfield></datafield><datafield tag="561" ind1=" " ind2=" "><subfield code="a">Numerous former owners' marks on 'title page' and preceding page (pp.10-11) including several mostly effaced statements (one of which appears to be dated 1096 [1684 or 5] and a rectangular seal impression (seemingly dated 1129 [1717]) repeated several times ; numerous notabilia (side-heads) marking terms ; occasional glosses ; illegible oval seal impression at close on p.693 ; numerous notabilia (side-heads) listing terms being defined.</subfield></datafield><datafield tag="600" ind1="1" ind2="0"><subfield code="a">Jawharī, Ismāʻīl ibn Ḥammād,</subfield><subfield code="d">-1003?</subfield><subfield code="t">Ṣiḥāḥ.</subfield></datafield><datafield tag="650" ind1=" " ind2="0"><subfield code="a">Manuscripts, Arabic</subfield><subfield code="z">Michigan</subfield><subfield code="z">Ann Arbor.</subfield></datafield><datafield tag="650" ind1=" " ind2="0"><subfield code="a">Manuscripts, Persian</subfield><subfield code="z">Michigan</subfield><subfield code="z">Ann Arbor.</subfield></datafield><datafield tag="650" ind1=" " ind2="0"><subfield code="a">Arabic language</subfield><subfield code="v">Dictionaries</subfield><subfield code="x">Persian</subfield><subfield code="v">Early works to 1800.</subfield></datafield><datafield tag="700" ind1="0" ind2=" "><subfield code="6">880-06</subfield><subfield code="a">Muḥammad Ḥusayn ibn Muḥammad Shāh al-Ḥusaynī al-Marʻashī Shūshtarī,</subfield><subfield code="d">fl. 1651,</subfield><subfield code="e">scribe.</subfield></datafield><datafield tag="700" ind1="1" ind2=" "><subfield code="6">880-07</subfield><subfield code="a">Jawharī, Ismāʻīl ibn Ḥammād,</subfield><subfield code="d">-1003?</subfield><subfield code="t">Ṣiḥāḥ.</subfield><subfield code="k">Abridgement.</subfield><subfield code="l">Persian &amp; Arabic.</subfield></datafield><datafield tag="773" ind1="0" ind2=" "><subfield code="a">Yahuda Collection.</subfield></datafield><datafield tag="880" ind1="0" ind2=" "><subfield code="6">700-06/</subfield><subfield code="a">محمد حسين بن محمد شاه الحسيني المرعشي شوشتري,</subfield><subfield code="e">ناسخ.</subfield></datafield><datafield tag="880" ind1="1" ind2=" "><subfield code="6">700-07/</subfield><subfield code="a">جوهري، اسماعيل بن حماد.</subfield><subfield code="t">صحاح.</subfield><subfield code="k">مختصر.</subfield><subfield code="l">Persian &amp; Arabic.</subfield></datafield><datafield tag="880" ind1="3" ind2=" "><subfield code="6">246-04/</subfield><subfield code="a">Ṣurāḥ min al-Ṣiḥāḥ</subfield></datafield><datafield tag="880" ind1="1" ind2="0"><subfield code="6">245-03/</subfield><subfield code="a">كتاب صراح اللغة,</subfield><subfield code="f">[1062ه, 1651م]</subfield></datafield><datafield tag="880" ind1="1" ind2="0"><subfield code="6">240-02/</subfield><subfield code="a">صراح اللغة</subfield></datafield><datafield tag="880" ind1="1" ind2=" "><subfield code="6">100-01/</subfield><subfield code="a">جمال قرشي, محمد بن عمر.</subfield></datafield><datafield tag="CID" ind1=" " ind2=" "><subfield code="a">006813893</subfield></datafield><datafield tag="DAT" ind1="0" ind2=" "><subfield code="a">20190719102638.0</subfield><subfield code="b">20190719000000.0</subfield></datafield><datafield tag="DAT" ind1="1" ind2=" "><subfield code="a">20190719090653.0</subfield><subfield code="b">2019-07-19T16:11:57Z</subfield></datafield><datafield tag="DAT" ind1="2" ind2=" "><subfield code="a">2015-10-02T18:00:03Z</subfield></datafield><datafield tag="CAT" ind1=" " ind2=" "><subfield code="a">SDR-MIU</subfield><subfield code="d">EX LIBRIS - ALEPH</subfield><subfield code="l">prepare.pl-004-008</subfield></datafield><datafield tag="FMT" ind1=" " ind2=" "><subfield code="a">BK</subfield></datafield><datafield tag="HOL" ind1=" " ind2=" "><subfield code="0">sdr-miu006813893</subfield><subfield code="a">MiU</subfield><subfield code="b">SDR</subfield><subfield code="c">MIU</subfield><subfield code="p">mdp.39015079128628</subfield><subfield code="s">MIU</subfield><subfield code="1">006813893</subfield></datafield><datafield tag="974" ind1=" " ind2=" "><subfield code="b">MIU</subfield><subfield code="c">MIU</subfield><subfield code="d">20190719</subfield><subfield code="s">lit-dlps-dc</subfield><subfield code="u">mdp.39015079128628</subfield><subfield code="y">1651</subfield><subfield code="r">pd</subfield><subfield code="q">bib</subfield><subfield code="t">non-US bib date1 &lt; 1879</subfield></datafield></record></collection>